%% This BibTeX bibliography file was created using BibDesk.
%% http://bibdesk.sourceforge.net/


%% Created for 博 李 at 2014-11-04 11:22:57 +0800 


%% Saved with string encoding Unicode (UTF-8) 



@article{gg,
	Author = {Yan,Lei and Qi,Huan},
	Date-Added = {2014-11-04 02:56:32 +0000},
	Date-Modified = {2014-11-04 02:57:17 +0000},
	Journal = {Electrical Engineering},
	Title = {Power Wireless Communication Network Based Research and Practice LTE230 system},
	Volume = {1},
	Year = {2014}}

@article{ff,
	Author = {Cai,Bin and Zhu,Feng},
	Date-Added = {2014-11-04 02:43:23 +0000},
	Date-Modified = {2014-11-04 02:54:52 +0000},
	Journal = {China Radio},
	Title = {Research and Application LTE230 wireless broadband communications networks in Yangzhou distribution network automation},
	Year = {2013}}

@article{ee,
	Author = {skander, M.F. and Zhengqing Yun},
	Date-Added = {2014-11-04 02:42:42 +0000},
	Date-Modified = {2014-11-04 02:55:46 +0000},
	Journal = {EEE Transactions on Microwave Theory and Techniqu},
	Title = {Propagation prediction models for wireless communication systems},
	Year = {2014}}

@article{dd,
	Author = {Bandres, Miguel A. and Schwarz, Ulrich T.},
	Date-Added = {2014-11-04 02:41:45 +0000},
	Date-Modified = {2014-11-04 02:42:37 +0000},
	Journal = {Optics and Photonics News},
	Pages = {36},
	Title = {Propagation},
	Volume = {15},
	Year = {2004}}

@article{cc,
	Author = {Keng-Jan Hsiao and Keng-Jan Hsiao},
	Date-Added = {2014-11-04 02:36:45 +0000},
	Date-Modified = {2014-11-04 02:38:04 +0000},
	Journal = {2007 IEEE Symposium on VLSI Circuits},
	Pages = {230-231},
	Title = {A Fully Integrated 36MHz to 230MHz Multiplying DLL with Adaptive Current Tuning },
	Year = {2007}}
	

@article{bb,
	Author = {Liu, Yan and Zhu, En Guo},
	Date-Added = {2014-11-04 02:34:26 +0000},
	Date-Modified = {2014-11-04 02:36:41 +0000},
	Journal = {Applied Mechanics and Materials},
	Pages = {835-840},
	Title = {230MHz Wireless Communication Network Architecture and Design of Power Consumption Information Collection System Based on WiMAX},
	Volume = {557},
	Year = {2014}}

@article{aa,
	Author = {LIANG Bo and LI Wen-xiu},
	Date-Added = {2014-11-04 02:33:00 +0000},
	Date-Modified = {2014-11-04 02:38:26 +0000},
	Journal = {Electric Power Information Technology},
	Pages = {28-32},
	Title = {Application of the 230 MHz Wireless Communication Technology in Power Consumption Information Collection System},
	Volume = {11},
	Year = {2013}}

@article{cr05,
	Author = {Ferrer, Eloi Marig{\'o} and Mu{\~n}oz-Gamarra, J.L},
	Date-Modified = {2014-11-04 02:32:28 +0000},
	Journal = {Microelectronic Engineering},
	Pages = {458-462},
	Title = {A 230 MHz CMOS-MEMS bulk acoustic wave resonator},
	Volume = {98},
	Year = {2012}}

@article{cs02,
	Author = {LIU Jian-ming and ZHAO Feng},
	Date-Modified = {2014-11-04 02:27:24 +0000},
	Journal = {Teleconmmunications for Electric Power System},
	Pages = {1-2},
	Title = {Application of 3G and 4G wireless communication technology in ICT network model[J]},
	Volume = {30},
	Year = {2009}}
